@inproceedings{kempe2003maximizing,
  title={Maximizing the spread of influence through a social network},
  author={Kempe, David and Kleinberg, Jon and Tardos, {\'E}va},
  booktitle={Proceedings of the ninth ACM SIGKDD international conference on Knowledge discovery and data mining},
  pages={137--146},
  year={2003},
  organization={ACM}
}

@inproceedings{domingos2001mining,
  title={Mining the network value of customers},
  author={Domingos, Pedro and Richardson, Matt},
  booktitle={Proceedings of the seventh ACM SIGKDD international conference on Knowledge discovery and data mining},
  pages={57--66},
  year={2001},
  organization={ACM}
}

@article{nemhauser1978analysis,
  title={An analysis of approximations for maximizing submodular set functionsâ€”I},
  author={Nemhauser, George L and Wolsey, Laurence A and Fisher, Marshall L},
  journal={Mathematical Programming},
  volume={14},
  number={1},
  pages={265--294},
  year={1978},
  publisher={Springer}
}

@inproceedings{seeman2013adaptive,
  title={Adaptive seeding in social networks},
  author={Seeman, Lior and Singer, Yaron},
  booktitle={Foundations of Computer Science (FOCS), 2013 IEEE 54th Annual Symposium on},
  pages={459--468},
  year={2013},
  organization={IEEE}
}

@inproceedings{rubinstein2015approximability,
  title={Approximability of adaptive seeding under knapsack constraints},
  author={Rubinstein, Aviad and Seeman, Lior and Singer, Yaron},
  booktitle={Proceedings of the Sixteenth ACM Conference on Economics and Computation},
  pages={797--814},
  year={2015},
  organization={ACM}
}

@inproceedings{badanidiyuru2016locally,
  title={Locally adaptive optimization: Adaptive seeding for monotone submodular functions},
  author={Badanidiyuru, Ashwinkumar and Papadimitriou, Christos and Rubinstein, Aviad and Seeman, Lior and Singer, Yaron},
  booktitle={Proceedings of the Twenty-Seventh Annual ACM-SIAM Symposium on Discrete Algorithms},
  pages={414--429},
  year={2016},
  organization={Society for Industrial and Applied Mathematics}
}

@article{feige1998threshold,
  title={A threshold of ln n for approximating set cover},
  author={Feige, Uriel},
  journal={Journal of the ACM (JACM)},
  volume={45},
  number={4},
  pages={634--652},
  year={1998},
  publisher={ACM}
}

@inproceedings{mossel2007submodularity,
  title={On the submodularity of influence in social networks},
  author={Mossel, Elchanan and Roch, Sebastien},
  booktitle={Proceedings of the thirty-ninth annual ACM symposium on Theory of computing},
  pages={128--134},
  year={2007},
  organization={ACM}
}